%% uctest.bib 11/3/94
%% Copyright (C) 1988-2004 Daniel Gildea, BBF, Ethan Munson.
%
% This work may be distributed and/or modified under the
% conditions of the LaTeX Project Public License, either version 1.3
% of this license or (at your option) any later version.
% The latest version of this license is in
%   http://www.latex-project.org/lppl.txt
% and version 1.3 or later is part of all distributions of LaTeX
% version 2003/12/01 or later.
%
% This work has the LPPL maintenance status "maintained".
% 
% The Current Maintainer of this work is Daniel Gildea.

 @BOOK{muon,
AUTHOR={AtLAS Collaboration},
TITLE={Muon reconstruction performance of the ATLAS detector in proton?proton collision data at $\sqrt{s}=13\TeV$},
PUBLISHER={Eur. Phys. J. C (2016) 76:292},
YEAR={arXiv:1603.05598 [hep-ex]}
keywords = {physics}
},

 @BOOK{baar,
AUTHOR={A. Barr, J. Scoville},
TITLE={A boost for the EW SUSY hunt: monojet-like search for compressed sleptons at LHC14 with $100\ifb$},
PUBLISHER={JHEP 04 (2015) 147},
YEAR={arXiv:1501.02511 [hep-ph]}
keywords = {physics}
},

 @BOOK{antikt,
AUTHOR={Matteo Cacciari, Gavin P. Salam},
TITLE={The anti-$k_t$ jet clustering algorithm},
PUBLISHER={JHEP 04 (2008) 063},
YEAR={arXiv:0802.1189 [hep-ph]}
keywords = {physics}
},

 @BOOK{muonid,
AUTHOR={ATLAS Collaboration.},
TITLE={Muon reconstruction performance of the ATLAS detector in proton?proton collision data at $\sqrt{s} = 13 \TeV$},
PUBLISHER={Eur. Phys. J. C 76 (2016) 292},
YEAR={arXiv:1603.05598 [hep-ex]}
keywords = {physics}
},

 @BOOK{Aad:2014qxa,
AUTHOR={Georges Aad, et al.},
TITLE={Measurements of the W production cross sections in association with jets with the ATLAS detector},
PUBLISHER={Eur. Phys. J.  C75, 2 (2015) 82},
YEAR={arXiv:11409.8639 [hep-ex]}
keywords = {physics}
},

 @BOOK{Aaboud:2017pjd,
AUTHOR={Aaboud, Morad, et al.},
TITLE={Study of the material of the ATLAS inner detector for Run 2 of the LHC},
PUBLISHER={JINST 12, 12 (2017) P12009},
YEAR={arXiv:11707.02826 [hep-ex]}
keywords = {physics}
},

 @BOOK{Ajaib:2015yma,
AUTHOR={M. Adeel Ajaib, Bhaskar Dutta, Tathagata Ghosh, Ilia Gogoladze, Qaisar Shafi},
TITLE={Neutralinos and sleptons at the LHC in light of muon $(g-2)_{\mu}$}},
PUBLISHER={Phys. Rev. D92 7 (2015) 075033},
YEAR={arXiv:11505.05896 [hep-ph]}
keywords = {physics}
},


 @BOOK{Watt:2012tq,
AUTHOR={G. Watt, R. S. Thorne},
TITLE={Study of Monte Carlo approach to experimental uncertainty propagation with MSTW 2008 PDFs},
PUBLISHER={JHEP 8 (2012) 052},
%YEAR={arXiv:1205.4024 [hep-ph]}
keywords = {physics}
}

 @BOOK{Pumplin:2002vw,
AUTHOR={J. Pumplin, D. R. Stump, J. Huston, H. L. Lai, Pavel M. Nadolsky, W. K. Tung},
TITLE={New generation of parton distributions with uncertainties from global QCD analysis},
PUBLISHER={JHEP 7 (2002) 0812},
%YEAR={arXiv:0712.2966 [hep-ph]}
keywords = {physics}
}

 @BOOK{a14,
AUTHOR={ATLAS Collaboration},
TITLE={ATLAS Pythia 8 tunes to 7 TeV data},
PUBLISHER={ATL-PHYS-PUB-2014-021},
%YEAR={arXiv:0712.2966 [hep-ph]}
keywords = {physics}
}

 @BOOK{ckkwl,
AUTHOR={ Nils Lavesson, Leif Lonnblad},
TITLE={Merging parton showers and matrix elements: Back to basics},
PUBLISHER={JHEP 4 (2008) 085},
YEAR={arXiv:0712.2966 [hep-ph]}
keywords = {physics}
}


@BOOK{MINDUR2017257,
AUTHOR={Bartosz Mindur},
TITLE={ATLAS Transition Radiation Tracker (TRT): Straw tubes for tracking and particle identification at the Large Hadron Collider},
PUBLISHER={CNuclear Instruments and Methods in Physics Research Section A: Accelerators, Spectrometers, Detectors and Associated Equipment 845 (2017) 257 - 261},

keywords = {physics}
}

@BOOK{pythia,
AUTHOR={Sjostrand, Torbjorn et al.},
TITLE={A Brief Introduction to PYTHIA 8.1},
PUBLISHER={Comput.Phys.Commun. 178 (2008) 852-867},
YEAR={arXiv:0710.3820 [hep-ph]}
keywords = {physics}
}

@BOOK{1742-6596-898-4-042056,
AUTHOR={S Boutle, D Casper, B Hooberman, K Grimm, B Gui, G Lee, J Maurer, A Morley, S Pagan Griso, B Petersen, K Prokofiev, L Shan, D Shope, A Wharton, B Whitmore, M Zhang, ATLAS Collaboration},
TITLE={Primary vertex reconstruction at the ATLAS experiment},
PUBLISHER={Journal of Physics: Conference Series 898, 4 (2017) 042056},

keywords = {physics}
}


@BOOK{surveydm,
AUTHOR={Chang, C. and others},
TITLE={Dark Energy Survey Year 1 Results: Curved-Sky Weak Lensing Mass Map},
PUBLISHER={Mon. Not. Roy. Astron. Soc. 475 (2018) 3165},
YEAR={arXiv: 1708.01535 [astro-ph]}
keywords = {physics}
}


@BOOK{Bechtle:2015nta,
AUTHOR={Bechtle, Philip and Plehn, Tilman and Sander, Christian},
TITLE={The Large Hadron Collider: Harvest of Run 1:Supersymmetry},
PUBLISHER={JSchörner-Sadenius, Thomas},
YEAR={arXiv: 1506.03091 [hep-ph]}
keywords = {physics}
}

@BOOK{1748-0221-12-03-C03024,
AUTHOR={M. zur Nedden},
TITLE={The LHC Run 2 ATLAS trigger system: design, performance and plans},
PUBLISHER={Journal of Instrumentation 12, 3 (2017) C03024},

keywords = {physics}
}

@BOOK{cid,
AUTHOR={Xabier Cid Vidal, Ramon Cid Manzano},
TITLE={Taking a Closer Look at LHC Beta \& Emittance},
PUBLISHER={https://www.lhc-closer.es/taking\_a\_closer\_look\_at\_lhc/0.beta\_\_\_emittance},

keywords = {physics}
}

@BOOK{gondolo,
AUTHOR={J. Edsjo, P. Gondolo},
TITLE={Neutralino relic density including coannihilations},
PUBLISHER={Phys. Rev. D 56 (1997) 1879},

keywords = {physics}
}

@BOOK{seckel,
AUTHOR={K. Griest, D. Seckel},
TITLE={Neutralino relic density including coannihilations},
PUBLISHER={Phys. Rev. D 43 (1991) 3191},

keywords = {physics}
}

@BOOK{BERTONE2005279,
AUTHOR={Gianfranco Bertone, Dan Hooper, Joseph Silk},
TITLE={Particle dark matter: evidence, candidates and constraints},
PUBLISHER={Physics Reports 405, 5 (2005) 279 - 390},
YEAR={https://doi.org/10.1016/j.physrep.2004.08.031},

keywords = {physics}
}

@BOOK{1367-2630-16-4-045018,
AUTHOR={Stephen F King, Alexander Merle, Stefano Morisi,Yusuke Shimizu, Morimitsu Tanimoto},
TITLE={Neutrino mass and mixing: from theory to experiment},
PUBLISHER={New Journal of Physics 16, 4 (2014) 045018},
YEAR={http://stacks.iop.org/1367-2630/16/i=4/a=045018},

keywords = {physics}
}

@BOOK{BILENKY198273,
AUTHOR={S.M. Bilenky and J. Hosek},
TITLE={Glashow-Weinberg-Salam theory of electroweak interactions and the neutral currents},
PUBLISHER={Physics Reports 90, 2 (1982) 73-157},


keywords = {physics}
}

@BOOK{koch,
AUTHOR={Volker Koch},
TITLE={Introduction to Chiral Symmetry},
PUBLISHER={arXiv:nucl-th/9512029},
YEAR={1995},

keywords = {physics}
}

@BOOK{baak,
AUTHOR={Baak, M., Besjes, G.J., Côté, D. et al.},
TITLE={HistFitter software framework for statistical data analysis},
PUBLISHER={Eur. Phys. J. C (2015) 75: 153},
YEAR={https://doi.org/10.1140/epjc/s10052-015-3327-7},

keywords = {physics}
}

@BOOK{tully,
AUTHOR={Christopher G. Tully},
TITLE={Elementary Particle Physics in a Nutshell},
PUBLISHER={Princeton University Press},
YEAR={2011},

keywords = {physics}
}

@BOOK{alwall,
AUTHOR={J. Alwall et al.},
TITLE={The automated computation of tree-level and next-to-leading order differential cross sections, and their matching to parton shower simulations},
PUBLISHER = {JHEP 07 (2014) 079},
%YEAR={2014}

keywords = {physics}
}

@BOOK{wacker,
AUTHOR={J. Alwall, M.-P. Le, M. Lisanti and J. G. Wacker},
TITLE={Searching for Directly Decaying Gluinos at the Tevatron},
PUBLISHER = {Phys. Lett. B 666 (2008) 34},
%YEAR={2008},
% arXiv: 0803.0019 [hep-ph]
keywords = {physics}
}

@BOOK{toro,
AUTHOR={J. Alwall, P. Schuster and N. Toro},
TITLE={Simplified Models for a First Characterization of New Physics at the LHC},
PUBLISHER = {Phys. Rev. D 79 (2009) 075020},
%YEAR={2009},
% arXiv: 0810.3921 [hep-ph]
keywords = {physics}
}

@BOOK{alves,
AUTHOR={D. Alves},
TITLE = {Simplified Models for LHC New Physics Searches},
PUBLISHER = {PJ. Phys. G 39 (2012) 105005}
%YEAR={2008},
% arXiv: 0803.0019 [hep-ph]
keywords = {physics}
}


@BOOK{fuks,
AUTHOR={B. Fuks, M. Klasen, D. R. Lamprea, and M. Rothering},
TITLE={Precision predictions for electroweak superpartner production at hadron colliders with Resummino},
PUBLISHER = {Eur. Phys. J. C 73 (2013) 2480}
YEAR={arXiv: 1304.0790 [hep-ph]},
%arXiv: 1304.0790 [hep-ph].
keywords = {physics}
}

@BOOK{klasen,
AUTHOR={B. Fuks, M. Klasen, D. R. Lamprea, and M. Rothering},
TITLE={Revisiting slepton pair production at the Large Hadron Collider},
PUBLISHER = {JHEP 01 (2014) 168},
YEAR={arXiv: 1310.2621 [hep-ph]}
%arXiv: 1310.2621 [hep-ph].
keywords = {physics}
}

@BOOK{spira,
AUTHOR={A. Djouadi, M. M. Muhlleitner, and M. Spira},
TITLE={Decays of supersymmetric particles: The Program SUSY-HIT (SUspect-SdecaY-Hdecay-InTerface)},
PUBLISHER = {Acta Phys. Polon. B 38 (2007) 635},
YEAR={arXiv: hep-ph/0609292}
%arXiv: hep-ph/0609292.
keywords = {physics}
}

@BOOK{schuster,
AUTHOR={J. Alwall, P. Schuster, and N. Toro},
TITLE={Simplified models for a first characterization of new physics at the LHC},
PUBLISHER = {Phys. Rev. D 79 (2009) 075020},
YEAR={2009},
%arXiv: 0810.3921 [hep-ph].
keywords = {physics}
}

@BOOK{ball,
AUTHOR={R. D. Ball et al.},
TITLE={Parton distributions with LHC data},
PUBLISHER = {Nucl. Phys. B 867 (2013) 244},
YEAR={2013},
%arXiv: 1207.1303 [hep-ph]
keywords = {physics}
}

@BOOK{PhysRev.96.191,
  title = {"Conservation of Isotopic Spin and Isotopic Gauge Invariance"},
  author = {Yang, C. N. and Mills, R. L.},
  journal = {Phys. Rev.},
  volume = {96},
  issue = {1},
  pages = {191--195},
  numpages = {0},
  year = {1954},
  month = {Oct},
  publisher = {American Physical Society},
  doi = {10.1103/PhysRev.96.191},
  url = {https://link.aps.org/doi/10.1103/PhysRev.96.191},
  
  keywords = {physics}
}

@BOOK{Glashow:1961tr,
      AUTHOR         = {Glashow, S. L.},
      TITLE          = {Partial Symmetries of Weak Interactions},
      PUBLISHER       = {Nucl. Phys. 22 (1961) 579-588},
  %    doi            = "10.1016/0029-5582(61)90469-2",
     url = {http://www.sciencedirect.com/science/article/pii/0029558261904692},
     
     keywords = {physics}
}

@article{PhysRevLett.19.1264,
  title = {A Model of Leptons},
  author = {Weinberg, Steven},
  journal = {Phys. Rev. Lett.},
  volume = {19},
  issue = {21},
  pages = {1264--1266},
  numpages = {0},
  year = {1967},
  month = {Nov},
  publisher = {American Physical Society},
  doi = {10.1103/PhysRevLett.19.1264},
  url = {https://link.aps.org/doi/10.1103/PhysRevLett.19.1264},
  
  keywords = {physics}
}

@BOOK{Salam:1968rm,
      author         = {Salam, Abdus},
      title          = "{Weak and Electromagnetic Interactions}",
      booktitle      = "8th Nobel Symposium Lerum, Sweden, May 19-25, 1968",
      PUBLISHER        = "Conf. Proc.",
      volume         = "C680519",
      year           = "1968",
      pages          = "367-377",
      url = {http://physics.princeton.edu/~mcdonald/examples/EP/salam_ns_367_68.pdf},
      
      keywords = {physics}
}

@article{Sakharov:1967dj,
      author         = {Sakharov, A. D.},
      title          = "{Violation of CP Invariance, C asymmetry, and baryon
                        asymmetry of the universe}",
      journal        = "Pisma Zh. Eksp. Teor. Fiz.",
      volume         = "5",
      year           = "1967",
      pages          = "32-35",
      doi            = "10.1070/PU1991v034n05ABEH002497",
      note           = "[Usp. Fiz. Nauk161,no.5,61(1991)]",
      url = {http://stacks.iop.org/0038-5670/34/i=5/a=A08},
      
      keywords = {physics}
}

@article{PhysRevD.93.063525,
  title = {Towards the final word on neutralino dark matter},
  author = {Bramante, Joseph and Desai, Nishita and Fox, Patrick and Martin, Adam and Ostdiek, Bryan and Plehn, Tilman},
  journal = {Phys. Rev. D},
  volume = {93},
  issue = {6},
  pages = {063525},
  numpages = {15},
  year = {2016},
  month = {Mar},
  publisher = {American Physical Society},
  doi = {10.1103/PhysRevD.93.063525},
  url = {https://link.aps.org/doi/10.1103/PhysRevD.93.063525},
  
  keywords = {physics}
}

@article{PhysRevD.96.055018,
  title = {Not-so-well-tempered neutralino},
  author = {Profumo, Stefano and Stefaniak, Tim and Stephenson-Haskins, Laurel},
  journal = {Phys. Rev. D},
  volume = {96},
  issue = {5},
  pages = {055018},
  numpages = {15},
  year = {2017},
  month = {Sep},
  publisher = {American Physical Society},
  doi = {10.1103/PhysRevD.96.055018},
  url = {https://link.aps.org/doi/10.1103/PhysRevD.96.055018},
  
  keywords = {physics}
}

@article{Martin:1997ns,
      author         = {Martin, Stephen P.},
      title          = "{A Supersymmetry primer}",
      year           = "1997",
      pages          = "1-98",
      doi            = "10.1142/9789812839657_0001, 10.1142/9789814307505_0001",
      note           = "[Adv. Ser. Direct. High Energy Phys.18,1(1998)]",
      eprint         = "hep-ph/9709356",
      archivePrefix  = "arXiv",
      primaryClass   = "hep-ph",
      url = {https://arxiv.org/abs/hep-ph/9709356},
      
      keywords = {physics}
}

@article{westra,
      author         = {Neumaier, Arnold and Westra, Dennis},
      title          = {Classical and Quantum Mechanics via Lie algebras},
      year           = {2014},
      journal            = {arXiv:0810.1019v2 [quant-ph]},
      
      keywords = {physics}
}

@ARTICLE{Bechtle2006,
      AUTHOR         = {Bechtle, P. and Desch, K. and Porod, W. and Wienemann, P.},
      TITLE          = {Determination of MSSM parameters from LHC and ILC observables in a global fit},
      JOURNAL = {The European Physical Journal C - Particles and Fields},
      year           = {2006},
      volume = {46},
      issue = {2},
      pages          = {533--544},
      url = {https://doi.org/10.1140/epjc/s2006-02485-x}}
      
@BOOK{1126-6708-2007-04-081,
AUTHOR={Stefano Frixione and Eric Laenen and Patrick Motylinski and Bryan R. Webber},
TITLE={Angular correlations of lepton pairs from vector boson and top quark decays in Monte Carlo simulations},
PUBLISHER={Journal of High Energy Physics 10, 081 (2007},
%YEAR={2011},

keywords = {physics}
}

@BOOK{Artoisenet2013,
AUTHOR={Artoisenet, Pierre and Frederix, Rikkert and Mattelaer, Olivier and Rietkerk, Robbert},
TITLE={Automatic spin-entangled decays of heavy resonances in Monte Carlo simulations},
PUBLISHER={Journal of High Energy Physics 3, 15 (2013},
%YEAR={2011},

keywords = {physics}
}

@BOOK{comix,
AUTHOR={T. Gleisberg and S. Höche},
TITLE={Comix, a new matrix element generator},
PUBLISHER={JHEP 12 (2008) 039},
YEAR={arXiv: 0808.3674 [hep-ph]},

keywords = {physics}
}

@BOOK{loop,
AUTHOR={F. Cascioli, P. Maierhofer, and S. Pozzorini},
TITLE={Scattering Amplitudes with Open Loops},
PUBLISHER={Phys. Rev. Lett. 108 (2012) 111601},
YEAR={arXiv: 1111.5206 [hep-ph]},

keywords = {physics}
}

@article{haber,
      author         = {Patrignani, C. and others},
      title          = "{Review of Particle Physics}",
      collaboration  = "Particle Data Group",
      journal        = "Chin. Phys.",
      volume         = "C40",
      year           = "2016",
      number         = "10",
      pages          = "100001",
      doi            = "10.1088/1674-1137/40/10/100001",
      SLACcitation   = "%%CITATION = CHPHD,C40,100001;%%"
}

@BOOK{aad,
AUTHOR={Aaboud, M., Aad, G., Abbott, B. et al.},
TITLE={Performance of the ATLAS Track Reconstruction Algorithms in Dense Environments in LHC Run 2},
PUBLISHER={Eur. Phys. J. C (2017) 77: 673.},
YEAR={arXiv:1704.07983 [hep-ph]},

keywords = {physics}
}

@BOOK{salz,
AUTHOR={Andreas Salzburger},
TITLE={Optimisation of the ATLAS Track Reconstruction Software for Run-2},
PUBLISHER={Journal of Physics: Conference Series. 664, 7 (2015) 072042},
%YEAR={arXiv:1704.07983 [hep-ph]},

keywords = {physics}
}

